

@Book{baumg83,
author              = { Baumgartner, A. und Reichel E. und Weber G. },
title               = { Der Wasserhaushalt der Alpen },
pages               = 343,
year                = 1983,
publisher           = { R. Oldenbourg Verlag MÃ¼nchen Wien }
}
